@book{1,
	author={E. Artin},
	title={Collected Papers},
	editor={S. Lang and J. Tate},
	year={1965},
	publisher={Addison-Wesley},
}
@book{2,
	author={E. Artin and J. Tate},
	title={Class field theory},
	publisher={Harvard},
	year={1961},
}

% M. ARTIN et A. GROTHENDIECK
% Cohomologie etale des schemas.
% Sem. Geom. alg., I. H. E. S. , 1963/64,
% Bures sur Yvette.
@book{4,
author={W. Burnside},
title={The Theory of Groups},
edition={2},
publisher={Cambridge Univ. Press},
year={1911},
}
@article{5,
	author={J. Cassels},
	title={Diophantine equations with special reference to elliptic curves},
	journaltitle={J. London Math. Soc.},
	volume={41},
	year={1966},
	pages={193-291},
}
@book{6,
author={J. Cassels and A. Fröhlich},
title={Algebraic Number Theory},
publisher={Academic Press},
year={1967},
}
@article{7,
	author={N. {\v C}ebotarev},
	title={Die Bestimmung der Dichtigkeit einer Menge von Primzahlen, welche zu einer gegebenen Substitutionsklasse geh{ö}ren},
	journaltitle={Math. Annalen},
	volume={95},
	year={1925},
	pages={151-228},
}
@article{8,
	author={C. Chevalley},
	title={Deux th{é}or{è}mes d'arithm{é}tique},
	journaltitle={J. Math.  Soc. Japan},
	volume={3},
	year={1951},
	pages={36-44},
}
@article{9,
	author={M. Deuring},
	title={Die Typen der Multiplikatorenringe elliptischer Funktionenk{ö}rper},
	journaltitle={Abh. Math. Sem. Hamburg},
	volume={14},
	year={1941},
	pages={197-272},
}
@article{10,
	author={J. Igusa},
	title={Fibre systems of Jacobian varieties},
	journaltitle={I. Amer. J. of Maths.},
	volume={78},
	year={1956},
	pages={171-199},
}
% II, id. , 745-760;
% III, id., 81, 1959, 453-476.

@article{11,
author={S. Koizumi And G. Shimura},
title={On Specializations of Abelian Varieties},
journaltitle={Sc. Papers Coll. Gen. Ed., Univ.  Tokyo},
volume={9},
year={1959},
pages={187-211},
}
@book{12,
author={S. Lang},
title={Abelian varieties},
publisher={Intersc. Tracts},
number={7},
location={New York},
year={1957},
}
@book{13,
author={S. Lang},
title={Algebraic numbers},
publisher={Addison-Wesley},
location={New York},
year={1964},
}
@book{14,
author={S. Lang},
title={Diophantine Geometry},
publisher={Intersc. Tracts},
number={11},
location={New York},
year={1962},
}
@book{15,
author={S. Lang},
title={Introduction to transcendental numbers},
publisher={Addison-Wesley, New York},
year={1966},
}

@article{16,
	author={J. Lubin},
	title={One parameter formal {Lie} groups over {$p$}-adic integer rings},
	journaltitle={Ann. of Maths.,},
	volume={80},
	year={1964},
	pages={464-484},
}

@article{17,
	author={J. Lubin and J. Tate},
	title={Formal complex multiplication in local fields},
	journaltitle={Ann. of Maths.,},
	volume={81},
	year={1965},
	pages={380-387},
}

@article{18,
	author={G. D. Mostow And T. Tamagawa},
	title={On the compactness of arithmetically defined homogeneous spaces},
	journaltitle={Ann. of Maths.,},
	volume={76},
	year={1962},
	pages={446-463},
}


@book{19,
author={D. Mumford},
title={Geometric Invariant Theory},
publisher={Ergebnisse der Math., Bd. 34, Springer-Verlag},
year={1965},
}

@article{20,
	author={A. P. Ogg},
	title={Abelian curves of small conductor},
	journaltitle={Journ. fur die reine und ang. Math.,},
	volume={226},
	year={1967},
	pages={204-215},
}

@article{21,
	author={T. Ono},
	title={Arithmetic of algebraic tori},
	journaltitle={Ann. of Maths.},
	volume={74},
	year={1961},
	pages={101-139},
}

@book{22,
	author={G. P{ó}lya and G. Szeg{\H o}},
	title={Aufgaben und Lehrs{ä}tze aus der Analysis. Band I},
	publisher={Springer-Verlag, 2—Aufl},
	year={1954},
}


% I. SaFAREVIC"
% Algebraic Number Fields.
% Proc. Int.  Congress, Stockholm,
% 1962,
% 163-176
% (A. M.S. Transl., Ser. 2, vol. 31, 25-39).

@article{24,
	author = {Serre, Jean-Pierre},
title={Sur les groupes de congruence des vari{é}t{é}s ab{é}liennes},
journaltitle={Izv. Akad. Nauk. S.S.S.R.,},
volume={28},
year={1964},
pages={3-20},
}

@article{25,
	author = {Serre, Jean-Pierre},
	title={Groupes de {Lie} {$p$}-adiques attach{é}s aux courbes elliptiques},
	journaltitle={Coll. Clermont-Ferrand, C.N.R.S.,},
	year={1964},
	pages={239-256},
}
@incollection{26,
     author = {Serre, Jean-Pierre},
     title = {Groupes {$p$}-divisibles (d'apr{è}s {J. Tate})},
     booktitle = {S\'eminaire Bourbaki : ann\'ees 1966/67 1967/68, expos\'es 313-346},
     series = {S\'eminaire Bourbaki},
     note = {talk:318},
     pages = {73--86},
     publisher = {Soci\'et\'e math\'ematique de France},
     number = {10},
     year = {1968},
     % mrnumber = {1610452},
     % language = {fr},
     % url = {http://www.numdam.org/item/SB_1966-1968__10__73_0/},
}
@inproceedings{27,
	author="Serre, J.-P.",
	editor="Springer, T. A.",
	title="Sur les groupes de {Galois} attach{\'e}s aux groupes {$p$}-divisibles",
	booktitle="Proceedings of a Conference on Local Fields",
	year="1967",
	publisher="Springer Berlin Heidelberg",
	address="Berlin, Heidelberg",
	pages="113--131",
	isbn="978-3-642-87942-5"
}
@book{28,
author={J.-P. Serre},
title={{Lie} algebras and {Lie} groups},
publisher={Benjamin, New York},
year={1965},
}
@book{29,
	author={J.-P. Serre},
	title={Corps Locaux},
	publisher={Hermann, Paris},
	year={1962},
}

% J.-P. SERRE
% Dependance d'exponentielles p-adiques.
% Sem. Delange-Pisot-Poitou, 7e annee, 1965/66, expose
% 15.

% J. -P. SERRE - Resume des cours 1965/66. Annuaire du
% College de France, 1966-67, 49-58.

@article{32,
author={J.-P. Serre and J. Tate},
title={Good reduction of abelian varieties},
journaltitle={Ann. of Math.},
volume={88},
year={1968},
pages={492-517},
}

@article{33,
	author={G. Shimura},
	title={A reciprocity law in nonsolvable extensions},
	journaltitle={Journal fur die reine und ang. Math.,},
	volume={221},
	year={1966},
	pages={209-220},
}

@book{34,
author={G. Shimura and Y. Taniyama},
title={Complex multiplication of abelian varieties and its applications to number theory},
publisher={Publ. Math. Soc. Japan, 6},
year={1961},
}

@article{35,
	author={Y. Taniyama},
	title={{$L$}-functions of number fields and zeta functions of abelian varieties},
	journaltitle={Journ. Math. Soc. Japan},
	volume={9},
	year={1957},
	pages={330-366},
}

@incollection{36,
	author={J. Tate},
	title={Algebraic cycles and poles of zeta functions},
	booktitle={Proc. Purdue Univ. Conf., 1963},
	pages={93-110},
	location={New York},
	year={1965}
}
@incollection{37,
     author = {Tate, John},
     title = {On the conjectures of {Birch} and {Swinnerton-Dyer} and a geometric analog},
     booktitle = {S\'eminaire Bourbaki : ann\'ees 1964/65 1965/66, expos\'es 277-312},
     series = {S\'eminaire Bourbaki},
     % note = {talk:306},
     pages = {415--440},
     publisher = {Soci\'et\'e math\'ematique de France},
     number = {9},
     year = {1966},
     % mrnumber = {1610977},
     % zbl = {0199.55604},
     % language = {en},
     % url = {http://www.numdam.org/item/SB_1964-1966__9__415_0/},
}
@article{38,
author={J. Tate},
title={Endomorphisms of Abelian Varieties over finite fields},
journaltitle={Inven. math.},
volume={2},
year={1966},
pages={134-144},
}

% J. Tate
% p-divisible groups.
% Proc. Conf. on Local Fields,
% Springer-Verlag,
% 1967,
% 158-183.

@book{40,
author={A. Weil},
title={Vari{é}t{é}s ab{é}liennes et courbes alg{é}briques},
publisher={Hermann, Paris},
year={1948},
}

% A. Weil
% On a certain type of characters of the id{è}le-class group of an algebraic number field.
% Proc. Int. Symp.  Tokyo-Nikko,
% 1955,
% 1-7.

% A. Weil
% On the theory of complex multiplication. Proc.
% Int. Symp. Tokyo-Nikko, 1955, 9-22.

@book{43,
author={A. Weil},
title={Adèles and algebraic groups (Notes by M.  Demazure and T. Ono)},
publisher={Princeton, Inst. Adv. Study},
year={1961},
}

@book{44,
	author={A. Weil},
	title={Basic Number Theory},
	publisher={Springer-Verlag},
	year={1967},
}

@article{45,
	author={A. Weil},
	title={Ueber die Bestimmung Dirichletscher Reihen durch Funktionalgleichungen},
	journaltitle={Math. Annalen,},
	volume={168},
	year={1967},
	pages={149-156},
}

@article{46,
author={H. Weyl},
title={{Ü}ber die Gleichverteilung von Zahlen mod. Eins.},
journaltitle={Math. Annalen},
volume={77},
year={1914},
pages={313-352},
}

@article{47,
	author={S. Bloch and K. Kato},
	title={{$p$}-adic {é}tale cohomology},
	journaltitle={Publ. Math. I.H.E.S.},
	volume={63},
	year={1986},
	pages={107-152},
}
@article{48,
	author={F. Bogomolov},
	title={Sur l'algebricit{é} des repr{é}sentations {$l$}-adiques},
	journaltitle={C. R. Acad.  Sci. Paris},
	volume={290},
	year={1980},
	pages={701-703},
}
@article{49,
	author={H. Carayol},
	title={Sur les représentations {$l$}-adiques associées aux formes modulaires de Hilbert},
	journaltitle={Ann. Sci. E.N.S.},
	volume={19},
	year={1986},
	pages={409-468},
}
% [50]
% P. Deligne
% Formes modulaires et representations /-adiques,
% S6minairc Bourbaki 1968/69, expose 355,
% Lecture Notes in Math.
% 179,
% p. 139-186,
% Springer-Verlag,
% 1971.
% [51]
% P. DELIGNE
% Valeurs de fonctions L et periodes d'integrales,
% Proc. Symp.  Pure Math.
% 33,
% A.M.S.
% (1979),
% vol. 2,
% p. 313-346.
% [52] P. DELIGNE
% Hodge cycles on abelian varieties,
% Lecture Notes in Math. 900,
% p. 9-100,
% Springer-Verlag,
% 1982.
% [53]
% P. DELIGNE
% Motifs et groupes de Taniyama,
% Lecture Notes in Math. 900,
% p. 261-279,
% Springer-Verlag,
% 1982.
% [54] G. FALTINGS
% EndlichkeitssStze fiir abelsche Varietaten iiber Zahlkorpcm,
% Invent. Math. 73 (1983), p. 349-366; Erratum, ibid. 75 (1984), p. 381.
% [55] G. FALTINGS—p-adic Hodge theory, Journal A.M.S. 1 (1988), p. 255-299.
% [56] G. FALTINGS, G. WUSTHOLZ et al—Rational Points, Vieweg, 1984.
% [57] J.-M. FONTAINE—Groupes p-divisibles sur les corps locaux, Asterisque 47-
% 48.S.M.F., 1977.
% [58] J.-M. FONTAINE—Modules galoisiens, modules filtres et anneaux de Barsotti-
% Tate, Asterisque 65 (1979), p. 3-80.
% [59] J.-M. FONTAINE—Sur certains types de representations p-adiques du groupc
% de Galois d'un corps local, construction d'un anneau de Barsotti-Tatc, Ann.
% of Math. 115 (1982), p. 529-577.
% [60] J.-M. FONTAINE—Formes differentielles et modules de Tate des varietes
% abeliennes sur les corps locaux, Invent. Math. 65 (1982), p. 379-409.
% [61] J.-M. FONTAINE—Representations p-adiques, Proc. Int. Congress 1983, vol. 1,
% p. 475-486.
% [62] J.-M. FONTAINE and W. MESSING—p-adic periods and p-adic etale coho-
% mology, Contemp. Math. 67 (1987), p. 179-207.
% [63] G. HENNIART—Representations /-adiques abeliennes, Seminaire de Thcorie
% des Nombres 1980/81, Birkhauser-Verlag 1982, p. 107-126.
% [64] N. KATZ—Galois properties of torsion points on abelian varieties, Invent.
% Math. 62 (1981), p. 481-502.
% [65] R. P. LANGLANDS—Modular forms and/-adic representations, Lecture Notes
% in Math. 349, p. 361-500, Springer-Verlag, 1973.
% [66] R. P. LANGLANDS—Automorphic representations, Shimura varieties, and
% motives. Ein Marchen, Proc. Symp. Pure Math. 33, A.M.S. (1979), vol. 2,
% p. 205-246.
% [67] D. MUMFORD—Families of abelian varieties, Proc. Symp. Pure Math. IX,
% A.M.S. 1966, p. 347-351.
% 1 [68] M. OHTA—On /-adic representations attached to automorphic forms, Jap. J.
% Math. 8 (1982) p. 1-47.
% ' [69] K. RIBET—On /-adic representations attached to modular forms, Invent. Math.
% 28 (1975), p. 245-275; II, Glasgow Math. J. 27 (1985), p. 185-194.
% [70] K. RIBET—Galois action on division points of abelian varieties with many rcnl
% multiplications, Amer. J. Math. 98 (1976), p. 751-804.
% [71] K. RIBET—Galois representations attached to eigenforms with Nebentypus,
% Lecture Notes in Math. 601, p. 18-52, Springer-Verlag, 1977.
% [72] S. SEN—Lie algebras of Galois groups arising from Hodge-Tate modules, Ann.
% of Math. 97 (1973), p. 160-170.
% [73] J.-P. SERRE—Une interpretation des congruences relatives a la fonction x dc
% Ramanujan, Seminaire D.P.P. 1967/68, n°14 (=Oe.80).
% [74] J.-P. SERRE—Facteurs locaux des fonctions zeta des varietes algebriqucs
% (definitions et conjectures), Seminaire D.P.P. 1969/70, n°19 (=Oe.87).
% [75] J.-P. SERRE—Sur les groupes de congruence des varietes abeliennes II, Izv.
% Akad. Nauk S.S.S.R. 35 (1971), p. 731-735 (=Oe.89).
% [76] J.-P. SERRE—Proprietes galoisiennes des points d'ordre fini des courbes
% elliptiques, Invent. Math. 15 (1972), p. 259-331 (=Oe.94).
% [77] J.-P. SERRE—Congruences et formes modulaires (d'apres H.P.F. Swinnerton-
% Dyer), Seminaire Bourbaki 1971/72, n°416 (=Oe.95).
% [78] J.-P. SERRE—Representations /-adiques, Kyoto Symp. on Algebraic Number
% Theory, 1977, p. 177-193 (=Oe.ll2).
% [79] J.-P. SERRE—Groupes alg£briques associ£s aux modules de Hodge-Tate,
% Asterisque 65 (1979), p. 155-188 (=Oe.ll9).
% [80] J.-P. SERRE—Resume des cours de 1985-86, Annuaire du College de France,
% 1986, p. 95-100.
% [81] H. P. F. SWINNERTON-DYER—On /-adic representations and congruences
% for coefficients of modular forms, Lecture Notes in Math. 350, p. 1-55,
% Springer-Verlag, 1973; II, ibid. 601, p. 63-90, Springer-Verlag, 1977.
% [82] L. SZPIRO—Seminaire sur les pinceaux arithm6tiques: la conjecture de
% Mordell, Asterisque 127, S.M.F., 1985.
% [83] M. WALDSCHMIDT—Transcendance et exponentielles en plusieurs variables,
% Invent. Math. 63 (1981), p. 97-127.
% [84] A. WILES—On ordinary A-adic representations associated to modular forms,
% preprint, Princeton, 1987.
% [85] J.-P. WINTENBERGER—Groupes alg£briques associ^s a certaines 
% representations p-adiques, Amer. J. Math. 108 (1986), p. 1425-1466.
% [86] Y. G. ZARHIN—Abelian varieties, /-adic representations and SL2, MaLh. USSR
% Izv. 14 (1980), p. 275-288.
% [87] Y. G. ZARHIN—Abelian varieties, /-adic representations and Lie algebras.
% Rank independence on /, Invent. Math. 55 (1979), p. 165-176.
% [88] Y. G. ZARHIN—Weights of simple Lie algebras in the cohomology of 
% algebraic varieties, Math. USSR Izv. 24 (1985), p. 245-281.
